<?xml version="1.0" encoding="UTF-8"?><collection xmlns="http://www.loc.gov/MARC21/slim"><record><leader>00361nam--2200133-i-4500</leader><controlfield tag="001">000048254</controlfield><controlfield tag="002">20161230</controlfield><controlfield tag="005">20161230201046</controlfield><controlfield tag="008">060222s1000------------r-----000-0-eng-d</controlfield><datafield ind1=" " ind2=" " tag="080"><subfield code="a">621.039.84(061.3):616-073(061.3)</subfield></datafield><datafield ind1=" " ind2=" " tag="245"><subfield code="a">Nuclear techniques in the study of parasitic infections</subfield></datafield><datafield ind1=" " ind2=" " tag="260"><subfield code="a">Vienna, Iaea, 1982, 633p</subfield></datafield><datafield ind1=" " ind2=" " tag="490"><subfield code="a">Proc.Series</subfield></datafield><datafield ind1=" " ind2=" " tag="852"><subfield code="a">70168</subfield></datafield></record></collection>